% https://upload.wikimedia.org/wikipedia/commons/thumb/6/6b/Shor%27s_algorithm.svg/450px-Shor%27s_algorithm.svg.png
% https://qiskit.org/textbook/ch-algorithms/images/grover_circuit_3qubits.png
% https://www.researchgate.net/publication/335028508/figure/fig1/AS:789466423762944@1565234871365/The-Bloch-sphere-provides-a-useful-means-of-visualizing-the-state-of-a-single-qubit-and.ppm
% https://www.mouser.de/images/espressifsystems/lrg/ESP32-DevKitC-32D_t.jpg



@misc{img:bloch,
    howpublished={\url{https://upload.wikimedia.org/wikipedia/commons/thumb/6/6b/Shor%27s_algorithm.svg/450px-Shor%27s_algorithm.svg.png}}
}
@misc{img:grover,
    howpublished={\url{
    https://qiskit.org/textbook/ch-algorithms/images/grover_circuit_3qubits.png
    }}
}
@misc{img:shor,
    howpublished={\url{
    https://www.researchgate.net/publication/335028508/figure/fig1/AS:789466423762944@1565234871365/The-Bloch-sphere-provides-a-useful-means-of-visualizing-the-state-of-a-single-qubit-and.ppm
    }}
}
@misc{img:esp,
    howpublished={\url{
    https://www.mouser.de/images/espressifsystems/lrg/ESP32-DevKitC-32D_t.jpg
    }}
}
