
@article{Shor,
author = {Shor, Peter W.},
title = {Polynomial-Time Algorithms for Prime Factorization and Discrete Logarithms on a Quantum Computer},
journal = {SIAM Review},
volume = {41},
number = {2},
pages = {303-332},
year = {1999},
doi = {10.1137/S0036144598347011},

URL = { 
        https://doi.org/10.1137/S0036144598347011
    
},
eprint = { 
        https://doi.org/10.1137/S0036144598347011
    
}

}

@article{Grover,
  title = {Quantum Mechanics Helps in Searching for a Needle in a Haystack},
  author = {Grover, Lov K.},
  journal = {Phys. Rev. Lett.},
  volume = {79},
  issue = {2},
  pages = {325--328},
  numpages = {0},
  year = {1997},
  month = {Jul},
  publisher = {American Physical Society},
  doi = {10.1103/PhysRevLett.79.325},
  url = {https://link.aps.org/doi/10.1103/PhysRevLett.79.325}
}




@article{Strengths&Weaknesses_QC,
author = {Bennett, Charles H. and Bernstein, Ethan and Brassard, Gilles and Vazirani, Umesh},
title = {Strengths and Weaknesses of Quantum Computing},
journal = {SIAM Journal on Computing},
volume = {26},
number = {5},
pages = {1510-1523},
year = {1997},
doi = {10.1137/S0097539796300933},

URL = { 
        https://doi.org/10.1137/S0097539796300933
    
},
eprint = { 
        https://doi.org/10.1137/S0097539796300933
    
}

}


% IoT Specs
@misc{rfc7228,
	series =	{Request for Comments},
	number =	7228,
	howpublished =	{RFC 7228},
	publisher =	{RFC Editor},
	doi =		{10.17487/RFC7228},
	url =		{https://rfc-editor.org/rfc/rfc7228.txt},
        author =	{Carsten Bormann and Mehmet Ersue and Ari Ker√§nen},
	title =		{{Terminology for Constrained-Node Networks}},
	pagetotal =	17,
	year =		2014,
	month =		may,
	abstract =	{The Internet Protocol Suite is increasingly used on small devices with severe constraints on power, memory, and processing resources, creating constrained-node networks. This document provides a number of basic terms that have been useful in the standardization work for constrained-node networks.},
}

merkle ots
@inproceedings{merkle_ots,
author = {Merkle, Ralph},
year = {1989},
month = {08},
pages = {218-238},
title = {A Certified Digital Signature},
volume = {435},
isbn = {978-0-387-97317-3},
doi = {10.1007/0-387-34805-0_21}
}

@misc{iota_wots,
  author       = {IOTA Foundation},
  title        = {Assuring authenticity in the Tangle with signatures},
  howpublished = {\url{https://blog.iota.org/assuring-authenticity-in-the-tangle-with-signatures-791897d7b998/}},
  year         = {2019}
}

@misc{nist_finalists_website,
  author       = {NIST},
  title        = {Post-Quantum Cryptography - Round 3 Submissions},
  howpublished = {\url{https://csrc.nist.gov/Projects/post-quantum-cryptography/round-3-submissions}},
  year         = {2021}
}


@inproceedings{CVP_algorithms,
  title={Chapter 18 Algorithms for the Closest and Shortest Vector Problems},
  author={S. Galbraith},
  year={2014}
}


@InProceedings{BDS_optim,
author="Buchmann, Johannes
and Dahmen, Erik
and Schneider, Michael",
editor="Buchmann, Johannes
and Ding, Jintai",
title="Merkle Tree Traversal Revisited",
booktitle="Post-Quantum Cryptography",
year="2008",
publisher="Springer Berlin Heidelberg",
address="Berlin, Heidelberg",
pages="63--78",
abstract="We propose a new algorithm for computing authentication paths in the Merkle signature scheme. Compared to the best algorithm for this task, our algorithm reduces the worst case running time considerably.",
isbn="978-3-540-88403-3"
}


rsa ecdsa energy/memory
@article{rsa_ecdsa, author = {Vahdati, Zeinab and Ghasempour, Ali and Salehi, Mohammad and Md Yasin, Sharifah}, year = {2019}, month = {08}, pages = {4293}, title = {COMPARISON OF ECC AND RSA ALGORITHMS IN IOT DEVICES}, volume = {97}, journal = {Journal of Theoretical and Applied Information Technology} }